@article{DBLP:journals/corr/abs-2008-05437,
  author    = {Meraj Hashemizadeh and
               Michelle Liu and
               Jacob Miller and
               Guillaume Rabusseau},
  title     = {Adaptive Tensor Learning with Tensor Networks},
  journal   = {CoRR},
  volume    = {abs/2008.05437},
  year      = {2020},
  url       = {https://arxiv.org/abs/2008.05437},
  eprinttype = {arXiv},
  eprint    = {2008.05437},
  timestamp = {Mon, 17 Aug 2020 15:17:00 +0200},
  biburl    = {https://dblp.org/rec/journals/corr/abs-2008-05437.bib},
  bibsource = {dblp computer science bibliography, https://dblp.org}
}

@article{Krumnow2019ComputingEW,
  title={Computing Eigenspaces With Low Rank Constraints},
  author={Christian Krumnow and Max Pfeffer and Andr{\'e} Uschmajew},
  journal={SIAM J. Sci. Comput.},
  year={2019},
  volume={43},
  pages={A586-A608}
}