@article{DBLP:journals/corr/abs-2008-05437,
  author    = {Meraj Hashemizadeh and
               Michelle Liu and
               Jacob Miller and
               Guillaume Rabusseau},
  title     = {Adaptive Tensor Learning with Tensor Networks},
  journal   = {CoRR},
  volume    = {abs/2008.05437},
  year      = {2020},
  url       = {https://arxiv.org/abs/2008.05437},
  eprinttype = {arXiv},
  eprint    = {2008.05437},
  timestamp = {Mon, 17 Aug 2020 15:17:00 +0200},
  biburl    = {https://dblp.org/rec/journals/corr/abs-2008-05437.bib},
  bibsource = {dblp computer science bibliography, https://dblp.org}
}

@article{DBLP:journals/corr/ZhaoZXZC16,
  author    = {Qibin Zhao and
               Guoxu Zhou and
               Shengli Xie and
               Liqing Zhang and
               Andrzej Cichocki},
  title     = {Tensor Ring Decomposition},
  journal   = {CoRR},
  volume    = {abs/1606.05535},
  year      = {2016},
  url       = {http://arxiv.org/abs/1606.05535},
  eprinttype = {arXiv},
  eprint    = {1606.05535},
  timestamp = {Mon, 25 Mar 2019 12:12:16 +0100},
  biburl    = {https://dblp.org/rec/journals/corr/ZhaoZXZC16.bib},
  bibsource = {dblp computer science bibliography, https://dblp.org}
}